% refs.bib

@article{article,
author = {Jimenez, Daniel and Lin, Calvin},
year = {2000},
month = {12},
pages = {},
title = {Dynamic Branch Prediction with Perceptrons}
}